@online{Grafos,
author = {Wikipedia},
title = {Teoría de Grafos},
year={2019},
url = {https://es.wikipedia.org/wiki/Teoría_de_grafos},
OPTurldate = {18 noviembre, 2019}
}

@online{Prim,
author = {Wikipedia},
title = {Algoritmo de Prim},
year={},
url = {https://es.wikipedia.org/wiki/Algoritmo_de_Prim},
OPTurldate = {18 noviembre, 2019}
}

@online{Hamilton,
author = {Wikipedia},
title = {Camino Hamiltoniano},
year = {2019},
url = {https://es.wikipedia.org/wiki/Camino_hamiltoniano},
OPTurldate = {18 noviembre, 2019}
}

@online{Graph,
author = {Wikipedia},
title = {Grafo},
year = {2019},
url = {https://es.wikipedia.org/wiki/Grafo},
OPTurldate = {18 noviembre, 2019}
}

@online{Dijkstra,
author = {Wikipedia},
title = {Algoritmo de Dijkstra},
year = {2019},
url = {https://es.wikipedia.org/wiki/Algoritmo_de_Dijkstra},
OPTurldate = {18 noviembre, 2019}
}

@online{Clique,
author = {Wikipedia},
title = {Clique},
year = {2019},
url = {https://es.wikipedia.org/wiki/Clique},
OPTurldate = {18 noviembre, 2019}
}

@online{Matriz,
author = {Wikipedia},
title = {Matriz de Adyacencia},
year = {2019},
url = {https://es.wikipedia.org/wiki/Matriz_de_adyacencia},
OPTurldate = {18 noviembre, 2019}
}

@online{Coloracion,
author = {Wikipedia},
title = {Coloración de Grafos},
year = {2019},
url = {https://es.wikipedia.org/wiki/Coloración_de_grafos},
OPTurldate = {18 noviembre, 2019}
}

